<record><leader>00000cas a2200000 a 4500</leader><controlfield tag="001">9252503</controlfield><controlfield tag="008">830224d18831891azuwr ne      0   a0eng  </controlfield><datafield ind1=" " ind2=" " tag="010"><subfield code="a">sn 82016246 </subfield></datafield><datafield ind1=" " ind2=" " tag="040"><subfield code="a">DLC</subfield><subfield code="b">eng</subfield><subfield code="c">DLC</subfield><subfield code="d">ANN</subfield><subfield code="d">DLC</subfield><subfield code="d">OCLCQ</subfield><subfield code="d">DLC</subfield><subfield code="d">IUL</subfield><subfield code="d">OCLCQ</subfield><subfield code="d">OCLCF</subfield></datafield><datafield ind1=" " ind2=" " tag="012"><subfield code="l">a</subfield></datafield><datafield ind1="1" ind2=" " tag="022"><subfield code="a">2157-2178</subfield><subfield code="2">1</subfield></datafield><datafield ind1="1" ind2=" " tag="029"><subfield code="a">AU@</subfield><subfield code="b">000020394174</subfield></datafield><datafield ind1=" " ind2=" " tag="042"><subfield code="a">pcc</subfield><subfield code="a">nsdp</subfield></datafield><datafield ind1=" " ind2=" " tag="043"><subfield code="a">n-us-az</subfield></datafield><datafield ind1="0" ind2="0" tag="050"><subfield code="a">Newspaper</subfield></datafield><datafield ind1=" " ind2="4" tag="222"><subfield code="a">The Arizona champion</subfield></datafield><datafield ind1="0" ind2="4" tag="245"><subfield code="a">The Arizona champion.</subfield></datafield><datafield ind1="1" ind2="3" tag="246"><subfield code="a">Weekly champion</subfield></datafield><datafield ind1=" " ind2=" " tag="260"><subfield code="a">Peach Springs, Mohave County, A.T. [Ariz.] :</subfield><subfield code="b">A.E. Fay,</subfield><subfield code="c">-1891.</subfield></datafield><datafield ind1=" " ind2=" " tag="300"><subfield code="a">v.</subfield></datafield><datafield ind1=" " ind2=" " tag="310"><subfield code="a">Weekly</subfield></datafield><datafield ind1="0" ind2=" " tag="362"><subfield code="a">-v. 8, no. 35 (May 16, 1891).</subfield></datafield><datafield ind1="1" ind2=" " tag="362"><subfield code="a">Began Sept. 14, 1883.</subfield></datafield><datafield ind1=" " ind2=" " tag="500"><subfield code="a">Published in Flagstaff, Ariz., Feb. 2, 1884-May 16, 1891.</subfield></datafield><datafield ind1=" " ind2=" " tag="515"><subfield code="a">Some numbers issued out of chronological order.</subfield></datafield><datafield ind1=" " ind2=" " tag="515"><subfield code="a">Issues for Apr. 4, 1885-Nov. 30, 1889 are numbered as whole numbers. Issues for Sept. 17, 1887-Nov. 30, 1889 also have regular numbering.</subfield></datafield><datafield ind1=" " ind2=" " tag="530"><subfield code="a">Available on microfilm from State of Arizona, Department of Library, Archives and Public Records.</subfield></datafield><datafield ind1=" " ind2=" " tag="530"><subfield code="a">Archived issues are available in digital format as part of the Library of Congress Chronicling America online collection.</subfield></datafield><datafield ind1=" " ind2=" " tag="588"><subfield code="a">Description based on: Vol. 1, no. 4 (Oct. 6, 1883).</subfield></datafield><datafield ind1=" " ind2="0" tag="651"><subfield code="a">Peach Springs (Ariz.)</subfield><subfield code="v">Newspapers.</subfield></datafield><datafield ind1=" " ind2="0" tag="651"><subfield code="a">Flagstaff (Ariz.)</subfield><subfield code="v">Newspapers.</subfield></datafield><datafield ind1=" " ind2="0" tag="651"><subfield code="a">Mohave County (Ariz.)</subfield><subfield code="v">Newspapers.</subfield></datafield><datafield ind1=" " ind2="0" tag="651"><subfield code="a">Coconino County (Ariz.)</subfield><subfield code="v">Newspapers.</subfield></datafield><datafield ind1=" " ind2="7" tag="655"><subfield code="a">Newspapers.</subfield><subfield code="2">fast</subfield><subfield code="0">(OCoLC)fst01423814</subfield></datafield><datafield ind1=" " ind2="7" tag="651"><subfield code="a">Arizona</subfield><subfield code="z">Coconino County.</subfield><subfield code="2">fast</subfield><subfield code="0">(OCoLC)fst01217112</subfield></datafield><datafield ind1=" " ind2="7" tag="651"><subfield code="a">Arizona</subfield><subfield code="z">Flagstaff.</subfield><subfield code="2">fast</subfield><subfield code="0">(OCoLC)fst01205910</subfield></datafield><datafield ind1=" " ind2="7" tag="651"><subfield code="a">Arizona</subfield><subfield code="z">Mohave County.</subfield><subfield code="2">fast</subfield><subfield code="0">(OCoLC)fst01216927</subfield></datafield><datafield ind1=" " ind2="7" tag="651"><subfield code="a">Arizona</subfield><subfield code="z">Peach Springs.</subfield><subfield code="2">fast</subfield><subfield code="0">(OCoLC)fst01222316</subfield></datafield><datafield ind1=" " ind2=" " tag="752"><subfield code="a">United States</subfield><subfield code="b">Arizona</subfield><subfield code="c">Coconino</subfield><subfield code="d">Flagstaff.</subfield></datafield><datafield ind1=" " ind2=" " tag="752"><subfield code="a">United States</subfield><subfield code="b">Arizona</subfield><subfield code="c">Mohave</subfield><subfield code="d">Peach Springs.</subfield></datafield><datafield ind1="0" ind2="0" tag="785"><subfield code="t">Coconino sun (Flagstaff, Ariz. : 1891)</subfield><subfield code="x">2158-2610</subfield><subfield code="w">(DLC)sn 82016245</subfield><subfield code="w">(OCoLC)9252421</subfield></datafield><datafield ind1="4" ind2="1" tag="856"><subfield code="u">http://www.loc.gov/chroniclingamerica/lccn/sn82016246/issues</subfield></datafield></record>